% This file was created with JabRef 2.7.2.
% Encoding: Cp1252
%open this file in jabref
%I have cleaned this file. For example, please go the folder of TAMUthesis_LaTex_Template
@article{McLoughlin:2014:SVA:2687082.2687090,
 author = {McLoughlin, Ian Vince},
 title = {Super-audible Voice Activity Detection},
 journal = {IEEE/ACM Trans. Audio, Speech and Lang. Proc.},
 issue_date = {September 2014},
 volume = {22},
 number = {9},
 month = sep,
 year = {2014},
 issn = {2329-9290},
 pages = {1424--1433},
 numpages = {10},
 url = {http://dx.doi.org/10.1109/TASLP.2014.2335055},
 doi = {10.1109/TASLP.2014.2335055},
 acmid = {2687090},
 publisher = {IEEE Press},
 address = {Piscataway, NJ, USA},
 keywords = {lip state detection, mouth state detection, silent speech interfaces, speech activity detection, voice activity detection, voice operated switch},
} 

 @article{einstein,
    Title = {{Zur Elektrodynamik bewegter K{\"o}rper}. ({German})
    [{On} the electrodynamics of moving bodies]},
    Author = {Albert Einstein},
    Journal = {Annalen der Physik},
    Year = {1905},
    Number = {10},
    Pages = {891--921},
    Volume = {322},
    Doi = {http://dx.doi.org/10.1002/andp.19053221004}
    }
    
 @article{Andraka:1998:SCA:275107.275139,
Title = {A Survey of CORDIC Algorithms for FPGA Based Computers}, 
 Author = {Andraka, Ray}, 
 series = {FPGA '98},
 booktitle = {Proceedings of the 1998 ACM/SIGDA Sixth International Symposium on Field Programmable Gate Arrays},
 series = {FPGA '98},
 year = {1998},
 isbn = {0-89791-978-5},
 location = {Monterey, California, USA},
 pages = {191--200},
 numpages = {10},
 url = {http://doi.acm.org/10.1145/275107.275139},
 doi = {10.1145/275107.275139},
 acmid = {275139},
 publisher = {ACM},
 address = {New York, NY, USA},
 keywords = {CORDIC, cosine, polar conversion, sine, vector magnitude},
} 

@article{Barrera:2013:APC:2482767.2482778,
Title = {An Algorithm for Parallel Calculation of Trigonometric Functions},
 Booktitle = {Proceedings of the ACM International Conference on Computing Frontiers},
 Author = {Barrera, Tony and Hast, Anders and Bengtsson, Ewert},
 series = {CF '13},
 year = {2013},
 isbn = {978-1-4503-2053-5},
 location = {Ischia, Italy},
 pages = {8:1--8:4},
 articleno = {8},
 numpages = {4},
 url = {http://doi.acm.org/10.1145/2482767.2482778},
 doi = {10.1145/2482767.2482778},
 acmid = {2482778},
 publisher = {ACM},
 address = {New York, NY, USA},
 keywords = {CORDIC, cosine, parallel computations, powers, sine, trigonometric functions},
} 


@Article{beritelli2002performance,
  Title                    = {Performance evaluation and comparison of G. 729/AMR/fuzzy voice activity detectors},
  Author                   = {Beritelli, F and Casale, S and Ruggeri, G and Serrano, S},
  Journal                  = {IEEE Signal Processing Letters},
  Year                     = {2002},
  Number                   = {3},
  Pages                    = {85--88},
  Volume                   = {9}
}






